<record><leader>00000nas a2200000 i 4500</leader><controlfield tag="001">953100343</controlfield><controlfield tag="006">m     o  d        </controlfield><controlfield tag="007">cr |||||||||||</controlfield><controlfield tag="008">160706d19031922tnuwr neo     0   a0eng  </controlfield><datafield ind1=" " ind2=" " tag="010"><subfield code="a">  2016271137</subfield></datafield><datafield ind1=" " ind2=" " tag="040"><subfield code="a">DLC</subfield><subfield code="b">eng</subfield><subfield code="e">rda</subfield><subfield code="c">DLC</subfield></datafield><datafield ind1="0" ind2=" " tag="022"><subfield code="a">2473-3245</subfield><subfield code="2">1</subfield></datafield><datafield ind1=" " ind2=" " tag="042"><subfield code="a">pcc</subfield><subfield code="a">nsdp</subfield></datafield><datafield ind1=" " ind2=" " tag="043"><subfield code="a">n-us-tn</subfield></datafield><datafield ind1="1" ind2="0" tag="050"><subfield code="a">ISSN RECORD</subfield></datafield><datafield ind1="1" ind2="0" tag="082"><subfield code="a">071</subfield><subfield code="2">23</subfield></datafield><datafield ind1="0" ind2=" " tag="130"><subfield code="a">Putnam County herald (Cookeville, Tenn. : 1903)</subfield></datafield><datafield ind1=" " ind2="0" tag="222"><subfield code="a">Putnam County herald</subfield><subfield code="b">(Cookeville, Tenn. 1903. Online)</subfield></datafield><datafield ind1="1" ind2="0" tag="245"><subfield code="a">Putnam County herald.</subfield></datafield><datafield ind1=" " ind2="1" tag="264"><subfield code="a">Cookeville, Tennessee :</subfield><subfield code="b">E. L. Wirt &amp; Son</subfield></datafield><datafield ind1=" " ind2=" " tag="300"><subfield code="a">1 online resource</subfield></datafield><datafield ind1=" " ind2=" " tag="310"><subfield code="a">Weekly</subfield></datafield><datafield ind1=" " ind2=" " tag="336"><subfield code="a">text</subfield><subfield code="b">txt</subfield><subfield code="2">rdacontent</subfield></datafield><datafield ind1=" " ind2=" " tag="337"><subfield code="a">computer</subfield><subfield code="b">c</subfield><subfield code="2">rdamedia</subfield></datafield><datafield ind1=" " ind2=" " tag="338"><subfield code="a">online resource</subfield><subfield code="b">cr</subfield><subfield code="2">rdacarrier</subfield></datafield><datafield ind1="1" ind2=" " tag="362"><subfield code="a">Began February 11, 1903; ceased )-v. 20, no. 40 (Oct. 5, 1922).</subfield></datafield><datafield ind1=" " ind2=" " tag="500"><subfield code="a">Publishers: Elmer L. Wirt, 1903-&lt;1906&gt;; Wirt &amp; Son, &lt;1907&gt;-1915; Herald Pub. Co., 1915-1922.</subfield></datafield><datafield ind1=" " ind2=" " tag="515"><subfield code="a">Suspended: &lt;May-Nov. 1906&gt;</subfield></datafield><datafield ind1=" " ind2=" " tag="588"><subfield code="a">Description based on: Volume IX, number 1 (January 5, 1911); title from masthead (Chroniclingamerica.loc.gov, viewed July 6, 2016).</subfield></datafield><datafield ind1=" " ind2=" " tag="588"><subfield code="a">Latest issue consulted: Volume XIX, number 51 (December 22, 1921) (Chroniclingamerica.loc.gov, viewed July 6, 2016).</subfield></datafield><datafield ind1=" " ind2="0" tag="651"><subfield code="a">Cookeville (Tenn.)</subfield><subfield code="v">Newspapers.</subfield></datafield><datafield ind1=" " ind2="0" tag="651"><subfield code="a">Putnam County (Tenn.)</subfield><subfield code="v">Newspapers.</subfield></datafield><datafield ind1=" " ind2="7" tag="651"><subfield code="a">Tennessee</subfield><subfield code="z">Cookeville.</subfield><subfield code="2">fast</subfield><subfield code="0">(OCoLC)fst01208239</subfield></datafield><datafield ind1=" " ind2="7" tag="651"><subfield code="a">Tennessee</subfield><subfield code="z">Putnam County.</subfield><subfield code="2">fast</subfield><subfield code="0">(OCoLC)fst01222603</subfield></datafield><datafield ind1=" " ind2="7" tag="655"><subfield code="a">Newspapers.</subfield><subfield code="2">fast</subfield><subfield code="0">(OCoLC)fst01423814</subfield></datafield><datafield ind1=" " ind2=" " tag="752"><subfield code="a">United States</subfield><subfield code="b">Tennessee</subfield><subfield code="c">Putnam</subfield><subfield code="d">Cookeville.</subfield></datafield><datafield ind1="0" ind2="8" tag="776"><subfield code="i">Originally issued in print:</subfield><subfield code="t">Putnam County herald (Cookeville, Tenn. : 1903)</subfield><subfield code="x">2473-3237</subfield><subfield code="w">(DLC)sn 89058133</subfield><subfield code="w">(OCoLC)19075655</subfield></datafield><datafield ind1="0" ind2="0" tag="785"><subfield code="a">Semi-weekly Putnam County herald</subfield></datafield><datafield ind1="4" ind2="0" tag="856"><subfield code="u">http://www.loc.gov/chroniclingamerica/lccn/sn89058133/issues</subfield></datafield></record>